<?xml version="1.0" encoding="UTF-8"?><collection xmlns="http://www.loc.gov/MARC21/slim"><record><leader>00605nam--2200205-u-4500</leader><controlfield tag="001">000054019</controlfield><controlfield tag="002">20161230</controlfield><controlfield tag="005">20161230201051</controlfield><controlfield tag="008">110728s1000------------r-----000-0-rus-d</controlfield><datafield ind1=" " ind2=" " tag="040"><subfield code="a">IFIN-HH</subfield></datafield><datafield ind1=" " ind2=" " tag="041"><subfield code="a">rus</subfield></datafield><datafield ind1=" " ind2=" " tag="080"><subfield code="a">537.222.22:538.953</subfield></datafield><datafield ind1="1" ind2=" " tag="100"><subfield code="a">Goltman, B.M</subfield></datafield><datafield ind1="1" ind2="0" tag="245"><subfield code="a">Poluprovodnikovie termoelektriceskie materiali na osnove bi2te3</subfield><subfield code="c">B.m. goltman, v.a. kudinov, i.a. smirnov</subfield></datafield><datafield ind1=" " ind2=" " tag="260"><subfield code="a">Moskva</subfield><subfield code="b">Nauka</subfield><subfield code="c">1972</subfield></datafield><datafield ind1=" " ind2=" " tag="300"><subfield code="a">320P</subfield></datafield><datafield ind1=" " ind2=" " tag="490"><subfield code="a">Fizika Poluprovodnikov I Poluprovodnikovih Priborov</subfield></datafield><datafield ind1="1" ind2=" " tag="700"><subfield code="a">Smirnov, I.A</subfield></datafield><datafield ind1=" " ind2=" " tag="852"><subfield code="a">75045</subfield><subfield code="c">537.311.33</subfield></datafield><datafield ind1=" " ind2=" " tag="CAT"><subfield code="a">Sys</subfield><subfield code="c">20110728</subfield><subfield code="h">155526</subfield></datafield></record></collection>